%Aigaion BibTeX export
%Tuesday 17th of July 2007 06:58:50 PM

@INPROCEEDINGS {Tomanek2007law,
title = {{Efficient Annotation with the Jena ANnotation Environment (JANE)}},
author = {Tomanek, Katrin and Wermter, Joachim and Hahn, Udo},
booktitle = {Proceedings of the Linguistic Annotation Workshop},
year = {2007},
month = {June},
pages = {9--16},
}

@INPROCEEDINGS {Tomanek2007emnlp,
title = {An Approach to Text Corpus Construction which Cuts Annotation Costs and Maintains Corpus Reusability of Annotated Data},
author = {Tomanek, Katrin and Wermter, Joachim and Hahn, Udo},
booktitle = {Proceedings of the 2007 Joint Conference on Empirical Methods in
Natural Language Processing and Computational Natural Language Learning},
year = 2007,
pages = {486--495},
}

@PHDTHESIS{tomanek.thesis10,
  author = {Tomanek, Katrin},
  title = {Resource-Aware Annotation through Active Learning},
  school = {Technical University of Dortmund},
  year = {2010},
}